@Article{Patil2018,
  author    = {Kailas Patil and Qaidjohar Jawadwala and Felix Che Shu},
  title     = {Design and Construction of Electronic Aid for Visually Impaired People},
  journal   = {{IEEE} Transactions on Human-Machine Systems},
  year      = {2018},
  volume    = {48},
  number    = {2},
  pages     = {172--182},
  month     = {apr},
  doi       = {10.1109/thms.2018.2799588},
  publisher = {Institute of Electrical and Electronics Engineers ({IEEE})},
}

@Article{Brown2016,
  author    = {David J. Brown and Michael J. Proulx},
  title     = {Audio{\textendash}Vision Substitution for Blind Individuals: Addressing Human Information Processing Capacity~Limitations},
  journal   = {{IEEE} Journal of Selected Topics in Signal Processing},
  year      = {2016},
  volume    = {10},
  number    = {5},
  pages     = {924--931},
  month     = {aug},
  doi       = {10.1109/jstsp.2016.2543678},
  publisher = {Institute of Electrical and Electronics Engineers ({IEEE})},
}

@Article{Elmannai2018,
  author    = {Wafa M. Elmannai and Khaled M. Elleithy},
  title     = {A Highly Accurate and Reliable Data Fusion Framework for Guiding the Visually Impaired},
  journal   = {{IEEE} Access},
  year      = {2018},
  volume    = {6},
  pages     = {33029--33054},
  doi       = {10.1109/access.2018.2817164},
  publisher = {Institute of Electrical and Electronics Engineers ({IEEE})},
}

@InProceedings{Sabab2016,
  author    = {Shahed Anzarus Sabab and Md. Hamjajul Ashmafee},
  title     = {Blind Reader: An intelligent assistant for blind},
  booktitle = {2016 19th International Conference on Computer and Information Technology ({ICCIT})},
  year      = {2016},
  month     = {dec},
  publisher = {{IEEE}},
  doi       = {10.1109/iccitechn.2016.7860200},
}

@InProceedings{Bhat2017,
  author    = {Pranab Gajanan Bhat and Deepak Kumar Rout and Badri Narayan Subudhi and T. Veerakumar},
  title     = {Vision sensory substitution to aid the blind in reading and object recognition},
  booktitle = {2017 Fourth International Conference on Image Information Processing ({ICIIP})},
  year      = {2017},
  month     = {dec},
  publisher = {{IEEE}},
  doi       = {10.1109/iciip.2017.8313754},
}